@internet{support_vector_machines,
  author          = {Amueller},
  title           = {Support Vector Machines},
  url             = {https://amueller.github.io/aml/02-supervised-learning/07-support-vector-machines.html},
  publisher       = { Github },
  urldate         = {Online; accessed 14 April 2022},
  year            = 2022,
}

@internet{sklearn,
  author          = {Inconnu},
  title           = {sklearn.svm.SVC},
  url             = {https://scikit-learn.org/stable/modules/generated/sklearn.svm.SVC.html},
  publisher       = { scikit learn },
  urldate         = {Online; accessed 14 April 2022},
  year            = 2022,
}

@internet{multiclass,
  author          = {Chirag Goyal},
  title           = {Multiclass Classification Using SVM},
  url             = {https://www.analyticsvidhya.com/blog/2021/05/multiclass-classification-using-svm/},
  publisher       = { scikit learn },
  urldate         = {Online; accessed 14 April 2022},
  year            = 2021,
}
